@BOOK{norm,
	author = "",
	title = "Требования к оформлению текстовой и графической документации. Нормоконтроль",
	address = " - И.",
	publisher = "ИрГУПС",
	year = 2017,
	numpages = 46,
}

@BOOK{norm2,
      TITLE = "Материал из Викиучебника",
      NOTE = "https://ru.wikibooks.org/wiki/LaTeX"
}
